@book{Astrom2010,
	Author = {K. J. Astr{\"o}m and R. M. Murray},
	Date-Added = {2020-12-05 15:19:59 +0000},
	Date-Modified = {2020-12-05 15:22:14 +0000},
	Edition = {First},
	Isbn = {9781400828739},
	Publisher = {Princeton University Press},
	Title = {Feedback Systems: An Introduction for Scientists and Engineers},
	Url = {http://www.cds.caltech.edu/~murray/amwiki/index.php/First_Edition},
	Year = {2010},
	Bdsk-Url-1 = {http://www.cds.caltech.edu/~murray/amwiki/index.php/First_Edition}
	}

@article{Tobias2014,
	Author = {Zaiczek Tobias and Franke Matthias},
	Date-Added = {2020-12-05 15:19:59 +0000},
	Date-Modified = {2020-12-05 15:22:14 +0000},
	Doi = {10.2478/meceng-2014-0019},
	Isbn = {23001895},
	J2 = {meceng},
	Journal = {Archive of Mechanical Engineering},
	M1 = {2},
	Month = apr,
	Number = {2},
	Pages = {331-346},
	Title = {Tracking Control of A Balancing Robot---A Model-Based Approach},
	Ty = {GENERIC},
	Url = {http://dx.doi.org/10.2478/meceng-2014-0019},
	Volume = {61},
	Year = {2014},
	Bdsk-Url-1 = {//www.degruyter.com/view/j/meceng.2014.61.issue-2/meceng-2014-0019/meceng-2014-0019.xml%20%20},
	Bdsk-Url-2 = {http://dx.doi.org/10.2478/meceng-2014-0019%20}
	}

@webpage{RMP,
        Author = {Joe Bibby and Ryan Necessary},
        Date-Added = {2020-12-05 22:35:37 -0500},
        Date-Modified = {2020-12-05 23:09:42 -0500},
        Lastchecked = {2008-03-13},
        Month = {12},
        Title = {Robonaut 1},
        Url = {https://robonaut.jsc.nasa.gov/R1/sub/mobility.asp},
        Urldate = {03-13-2008},
        Year = {2020},
        Bdsk-Url-1 = {https://robonaut.jsc.nasa.gov/R1/sub/mobility.asp}
	}